@phdthesis{dreyer2005understanding,
  title={Understanding and evolving the {ML} module system},
  author={Dreyer, Derek},
  year={2005},
  school={Citeseer}
}

@inproceedings{macqueen1984modules,
  title={Modules for standard {ML}},
  author={MacQueen, David},
  booktitle={Proceedings of the 1984 ACM Symposium on LISP and functional programming},
  pages={198--207},
  year={1984},
  organization={ACM}
}

@article{parnas1972criteria,
  title={On the criteria to be used in decomposing systems into modules},
  author={Parnas, David Lorge},
  journal={Communications of the ACM},
  volume={15},
  number={12},
  pages={1053--1058},
  year={1972},
  publisher={ACm}
}

@incollection{deremer1976programming,
  title={Programming-in-the-large versus programming-in-the-small},
  author={DeRemer, Franklin L and Kron, Hans H},
  booktitle={Programmiersprachen},
  pages={80--89},
  year={1976},
  publisher={Springer}
}
